@incollection{Albert2011,
address = {Berkeley, California},
author = {Albert, J. S. and Reis, R. E.},
booktitle = {{Historical Biogeography of Neotropical Freshwater Fishes}},
editor = {Albert, J. S. and Reis, R. E.},
pages = {3--19},
publisher = {University of California Press},
title = {{Introduction to Neotropical Freshwaters}},
year = {2011}
}
@article{Armbruster2005,
author = {Armbruster, J. W},
journal = {Neotropical Ichthyology},
number = {4},
pages = {549--569},
title = {{The loricariid catfish genus \emph{Lasiancistrus} (Siluriformes) with descriptions of two new species}},
volume = {3},
year = {2005}
}
@article{Armbruster2004,
author = {Armbruster, J. W.},
journal = {Zootaxa},
pages = {1--15},
title = {{\emph{Pseudancistrus sidereus}, a new species from southern Venezuela (Siluriformes: Loricariidae) with a redescription of \emph{Pseudancistrus}}},
volume = {15},
year = {2004}
}
@article{Armbruster2008,
author = {Armbruster, J. W.},
journal = {Zootaxa},
pages = {1--76},
title = {{The genus \emph{Peckoltia} with the description of two new species and a reanalysis of the phylogeny of the genera of the Hypostominae (Siluriformes: Loricariidae)}},
volume = {1822},
year = {2008}
}
@article{Armbruster2000,
author = {Armbruster, J. W. and Provenzano, F.},
journal = {Ichthyological Exploration of Freshwaters},
pages = {241--254},
title = {{Four new species of the suckermouth catfish genus \emph{Lasiancistrus} (Loricariidae: Ancistrinae)}},
volume = {11},
year = {2000}
}
@article{Armbruster2008pseud,
author = {Armbruster, J. W. and Taphorn, D. C.},
journal = {Zootaxa},
pages = {33--41},
title = {{A new species of \emph{Pseudancistrus} from the R{\'{i}}o Caron{\'{i}}, Venezuela (Siluriformes: Loricariidae)}},
volume = {41},
year = {2008}
}
@article{Ayres2012,
author = {Ayres, D. L. and Darling, A. and Zwickl, D. J. and Beerli, P. and Holder, M. T. and Lewis, P. O. and Huelsenbeck, J. P. and Ronquist, F. and Swofford, D. L. and Cummings, M. P. and Rambaut, A. and Suchard, M. A.},
doi = {10.1093/sysbio/syr100},
journal = {Systematic Biology},
pages = {170--173},
title = {{BEAGLE: an application programming interface and high-performance computing library for statistical phylogenetics}},
volume = {61},
year = {2012}
}
@article{Bifi2009,
author = {Bifi, A. G. and Pavanelli, C. S. and Zawadzki, C. H.},
journal = {Zootaxa},
pages = {41--59},
title = {{Three new species of \emph{Ancistrus} Kner, 1854 (Siluriformes: Loricariidae) from the Rio Igua{\c{c}}u basin, Paran{\'{a}} State, Brazil}},
volume = {59},
year = {2009}
}
@article{Brown2012,
author = {Brown, S. D. J. and Collins, R. A. and Boyer, S. and Lefort, M-C. and Malumbres-Olarte, J. and Vink, C. J. and Cruickshank, R. H.},
doi = {10.1111/j.1755-0998.2011.03108.x},
journal = {Molecular Ecology Resources},
pages = {562--565},
title = {{Spider: an R package for the analysis of species identity and evolution, with particular reference to DNA barcoding}},
volume = {12},
year = {2012}
}
@article{Cheng2013,
author = {Cheng, H. and Sinha, A. and Cruz, F. W. and Wang, X. and Edwards, R. L. and D'Horta, F. M. and Ribas, C. C. and Vuille, M. and Stott, L. D. and Auler, A. S.},
doi = {10.1038/ncomms2415},
journal = {Nature Communications},
pages = {1411},
title = {{Climate change patterns in Amazonia and biodiversity}},
volume = {4},
year = {2013}
}
@article{Collins2015,
author = {Collins, R. A. and Ribeiro, E. D. and Machado, V. N. and Farias, I. P. and Hrbek, T.},
doi = {10.3897/BDJ.3.e4162},
journal = {Biodiversity Data Journal},
pages = {e4162},
title = {{A preliminary inventory of the catfishes of the lower Rio Nhamund{\'{a}}, Brazil (Ostariophysi, Siluriformes)}},
volume = {3},
year = {2015}
}
@article{Cooke2009,
author = {Cooke, G. M. and Chao, N. L. and Beheregaray, L. B.},
doi = {10.1111/j.1365-2427.2009.02172.x},
journal = {Freshwater Biology},
pages = {1216--1232},
title = {{Phylogeography of a flooded forest specialist fish from central Amazonia based on intron DNA: the cardinal tetra \emph{Paracheirodon axelrodi}}},
volume = {54},
year = {2009}
}
@article{Covain2012,
author = {Covain, R. and Fisch-Muller, S.},
journal = {Cybium},
pages = {229--246},
title = {{Molecular evidence for the paraphyly of \emph{Pseudancistrus} sensu lato (Siluriformes, Loricariidae), with revalidation of several genera}},
volume = {36},
year = {2012}
}
@article{Cummings2008,
author = {Cummings, M. P. and Neel, M. C. and Shaw, K. L.},
doi = {10.1111/j.1558-5646.2008.00442.x},
journal = {Evolution},
pages = {2411--2422},
title = {{A genealogical approach to quantifying lineage divergence}},
volume = {62},
year = {2008}
}
@article{Darriba2012,
author = {Darriba, D. and Taboada, G. L. and Doallo, R. and Posada, D.},
doi = {10.1038/nmeth.2109},
journal = {Nature Methods},
pages = {772},
title = {{jModelTest 2: more models, new heuristics and parallel computing.}},
volume = {9},
year = {2012}
}
@article{deSouza2014,
author = {{de Souza da Costa e Silva}, G. and Roxo, F. F. and Britzke, R. and Oliveira, C.},
doi = {10.3897/zookeys.406.7011},
file = {:media/1TB/auto{\_}backed{\_}up/Dropbox/Journals/Fishes/siluriformes/loricariidae/ancistrins/silva2014{\_}tapajos{\_}pseudancistrus.pdf:pdf},
issn = {1313-2970},
journal = {ZooKeys},
pages = {1--23},
title = {{New species of the Pseudancistrus barbatus group (Siluriformes, Loricariidae) with comments on its biogeography and dispersal routes}},
volume = {406},
year = {2014}
}
@article{Duchene2014,
author = {Duch{\^{e}}ne, S. and Lanfear, R. and Ho, S. Y. W.},
doi = {10.1016/j.ympev.2014.05.032},
journal = {Molecular Phylogenetics and Evolution},
pages = {277--289},
title = {{The impact of calibration and clock-model choice on molecular estimates of divergence times}},
volume = {78},
year = {2014}
}
@article{Edwards2009,
author = {Edwards, S. and Bensch, S.},
journal = {Molecular Ecology},
pages = {2930--2933},
title = {{Looking forwards or looking backwards in avian phylogeography? A comment on Zink and Barrowclough 2008}},
volume = {18},
year = {2009}
}
@incollection{Espurt2010,
address = {Hoboken},
author = {Espurt, N. and Baby, P. and Brusset, S. and Roddaz, M. and Hermoza, W. and Barbarand, J.},
booktitle = {{Amazonia: Landscape and Species Evolution: A Look into the Past}},
doi = {10.1002/9781444306408.ch6},
editor = {Hoorn, C. and Wesselingh, F. P.},
pages = {89--100},
publisher = {Blackwell-Wiley},
title = {{The Nazca Ridge and Uplift of the Fitzcarrald Arch: Implications for Regional Geology in Northern South America}},
year = {2010}
}
@article{Farias2008,
author = {Farias, I. P. and Hrbek, T.},
doi = {10.1016/j.ympev.2008.05.033},
journal = {Molecular Phylogenetics and Evolution},
pages = {32--43},
title = {{Molecular Phylogenetics and Evolution Patterns of diversification in the discus fishes (\emph{Symphysodon} spp. Cichlidae) of the Amazon basin}},
volume = {49},
year = {2008}
}
@article{Fisch-Muller2001,
author = {Fisch-Muller, S. and Mazzoni, R. and Weber, C.},
journal = {Ichthyological Exploration of Freshwaters},
pages = {289--304},
title = {{Genetic and morphological evidences for two new sibling species of \emph{Ancistrus} (Siluriformes: Loricariidae) in upper rio Tocantins drainage, Brazil}},
volume = {12},
year = {2001}
}
@article{Fujita2012,
author = {Fujita, M. K. and Burbrink, F. T. and Mcguire, J. A. and Leache, A. D. and Moritz, C.},
doi = {10.1016/j.tree.2012.04.012},
journal = {Trends in Ecology {\&} Evolution},
pages = {480--488},
title = {{Coalescent-based species delimitation in an integrative taxonomy}},
volume = {27},
year = {2012}
}
@article{Grummer2014,
author = {Grummer, J. A. and {Bryson Jr}, R. W. and Reeder, T. W.},
doi = {10.1093/sysbio/syt069},
journal = {Systematic Biology},
pages = {119--133},
title = {{Species delimitation using Bayes factors: simulations and application to the \emph{Sceloporus scalaris} species group (Squamata: Phrynosomatidae)}},
volume = {63},
year = {2014}
}
@article{Heled2010,
author = {Heled, J. and Drummond, A. J.},
doi = {10.1093/molbev/msp274},
journal = {Molecular Biology and Evolution},
pages = {570--580},
title = {{Bayesian inference of species trees from multilocus data}},
volume = {27},
year = {2010}
}
@article{Ho2014,
author = {Ho, S. Y. W. and Duch{\^{e}}ne, S.},
doi = {10.1111/mec.12953},
issn = {09621083},
journal = {Molecular Ecology},
pages = {5947--5965},
title = {{Molecular-clock methods for estimating evolutionary rates and timescales}},
volume = {23},
year = {2014}
}
@article{Irion1995,
author = {Irion, G. and M{\"{u}}ller, J. and {Nunes de Mello}, J. and Junk, W. J.},
doi = {10.1007/BF01204460},
journal = {Geo-Marine Letters},
pages = {172--178},
title = {{Quaternary geology of the Amazonian Lowland}},
volume = {15},
year = {1995}
}
@misc{IUCN2012,
address = {Gland, Switzerland},
author = {IUCN},
doi = {10.9782-8317-0633-5},
edition = {2nd},
pages = {32},
pmid = {2734},
title = {{IUCN Red List Categories and Criteria: Version 3.1.}},
year = {2012}
}
@article{Kass1995,
author = {Kass, R. E. and Raftery, A. E.},
journal = {Journal of the American Statistical Association},
pages = {773--795},
title = {{Bayes factors}},
volume = {90},
year = {1995}
}
@article{Kearse2012,
author = {Kearse, M. and Moir, R. and Wilson, A. and Stones-Havas, S. and Cheung, M. and Sturrock, S. and Buxton, S. and Cooper, A. and Markowitz, S. and Duran, C. and Thierer, T. and Ashton, B. and Meintjes, P. and Drummond, A.},
doi = {10.1093/bioinformatics/bts199},
journal = {Bioinformatics},
pages = {1647--1649},
title = {{Geneious Basic: an integrated and extendable desktop software platform for the organization and analysis of sequence data}},
volume = {28},
year = {2012}
}
@article{Lovejoy2000,
author = {Lovejoy, N. R. and de Ara{\'{u}}jo, M. L. G.},
journal = {Molecular Ecology},
pages = {259--268},
title = {{Molecular systematics, biogeography and population structure of Neotropical freshwater needlefishes of the genus \emph{Potamorrhaphis}}},
volume = {9},
year = {2000}
}
@incollection{Lovejoy2010,
address = {Hoboken},
author = {Lovejoy, N. R. and Willis, S. C. and Albert, J. S.},
booktitle = {{Amazonia: Landscape and Species Evolution: A Look into the Past}},
editor = {Hoorn, C. and Wesselingh, F. P.},
pages = {464},
publisher = {Wiley-Blackwell},
title = {{Molecular Signatures of Neogene Biogeographic Events in the Amazon Fish Fauna}},
year = {2010}
}
@article{Lujan2009,
author = {Lujan, N. K. and Arce, M. and Armbruster, J. W.},
doi = {10.1643/CI-07-187},
journal = {Copeia},
pages = {50--56},
title = {{A new black \emph{Baryancistrus} with blue sheen from the Upper Orinoco (Siluriformes: Loricariidae)}},
volume = {2009},
year = {2009}
}
@article{Lujan2011sorom,
author = {Lujan, N. K. and Armbruster, J. W.},
doi = {10.1643/CI-10-008},
journal = {Copeia},
pages = {216--225},
title = {{Two new genera and species of Ancistrini (Siluriformes: Loricariidae) from the Western Guiana Shield}},
volume = {2011},
year = {2011}
}
@incollection{Lujan2011book,
address = {Berkeley, California},
author = {Lujan, N. K. and Armbruster, J. W.},
booktitle = {{Historical Biogeography of Neotropical Freshwater Fishes}},
doi = {10.1525/california/9780520268685.003.0013},
editor = {Albert, J. S. and Reis, R. E.},
pages = {390},
publisher = {University of California Press},
title = {{The Guiana Shield}},
year = {2011}
}
@article{Lujan2015phylo,
author = {Lujan, N. K. and Armbruster, J. W. and Lovejoy, N. and L{\'{o}}pez-Fern{\'{a}}ndez, H.},
doi = {10.1016/j.ympev.2014.08.020},
journal = {Molecular Phylogenetics and Evolution},
pages = {269--288},
title = {{Multilocus molecular phylogeny of the suckermouth armored catfishes (Siluriformes: Loricariidae) with a focus on subfamily Hypostominae}},
volume = {82},
year = {2015}
}
@article{Lujan2011kelsorum,
author = {Lujan, N. K. and Birindelli, J. L. O.},
journal = {Zootaxa},
pages = {38--46},
title = {{A new distinctively banded species of \emph{Pseudolithoxus} (Siluriformes: Loricariidae) from the upper Orinoco River}},
volume = {46},
year = {2011}
}
@article{Lujan2015chaeto,
author = {Lujan, N. K. and Meza-Vargas, V. and Astudillo-Clavijo, V. and Barriga-Salazar, R. and L{\'{o}}pez-Fern{\'{a}}ndez, H.},
doi = {10.1643/CI-14-194},
journal = {Copeia},
pages = {664--701},
title = {{A multilocus molecular phylogeny for \emph{Chaetostoma} clade genera and species with a review of \emph{Chaetostoma} (Siluriformes: Loricariidae) from the Central Andes}},
volume = {103},
year = {2015}
}
@incollection{Lundberg1998,
address = {Porto Alegre},
author = {Lundberg, J. G. and Marshall, L. G. and Guerrero, J. and Horton, B. and Malabarba, M. C. S. L. and Wesselingh, F.},
booktitle = {{Phylogeny and Classification of Neotropical Fishes}},
editor = {Malabarba, L. R. and Reis, R. E. and Vari, R. P. and Lucena, Z. M. and Lucena, C. A. S.},
pages = {603},
publisher = {Edipucrs},
title = {{The stage for Neotropical fish diversification: a history of tropical South American rivers}},
year = {1998}
}
@article{Muniz,
author = {Muniz, F. and Campos, Z. and Farias, I. and Hrbek, T.},
journal = {Journal of Biogeography},
title = {{What drives diversification along the Amazon-Paraguay basin transition? A biogeographic model for semi-aquatic and aquatic taxa}}
}
@article{Piggott2011,
author = {Piggott, M. P. and Chao, N. L. and Beheregaray, L. B.},
doi = {10.1111/j.1095-8312.2010.01571.x},
journal = {Biological Journal of the Linnean Society},
pages = {391--403},
title = {{Three fishes in one: Cryptic species in an Amazonian floodplain forest specialist}},
volume = {102},
year = {2011}
}
@misc{Rambaut2016,
author = {Rambaut, A. and Drummond, A. J.},
booktitle = {http://beast.bio.ed.ac.uk/},
title = {{TreeAnnotator v1.8.4}},
url = {http://beast.bio.ed.ac.uk/},
urldate = {2016-02-28},
year = {2016}
}
@misc{Rambaut2014,
author = {Rambaut, A. and Drummond, A. J. and Suchard, M.},
booktitle = {http://tree.bio.ed.ac.uk/software/tracer/},
title = {{Tracer v1.6}},
url = {http://tree.bio.ed.ac.uk/software/tracer/},
urldate = {2016-02-28},
year = {2014}
}
@article{Rosenberg2007,
author = {Rosenberg, N. A.},
doi = {10.1111/j.1558-5646.2007.00023.x},
journal = {Evolution},
pages = {317--323},
title = {{Statistical tests for taxonomic distinctiveness from observations of monophyly}},
volume = {61},
year = {2007}
}
@article{Ruber2004,
author = {R{\"{u}}ber, L. and Britz, R. and Kullander, S. O. and Zardoya, R.},
doi = {10.1016/j.ympev.2004.04.020},
journal = {Molecular Phylogenetics and Evolution},
pages = {1010--1022},
title = {{Evolutionary and biogeographic patterns of the Badidae (Teleostei: Perciformes) inferred from mitochondrial and nuclear DNA sequence data}},
volume = {32},
year = {2004}
}
@article{Schaefer1997,
author = {Schaefer, S. A.},
journal = {Proceedings of the Academy of Natural Sciences of Philadelphia},
pages = {1--120},
title = {{The Neotropical cascudinhos: Systematics and biogeography of the \emph{Otocinclus} catfishes (Siluriformes: Loricariidae)}},
volume = {148},
year = {1997}
}
@article{Schliep2011,
author = {Schliep, K. P.},
journal = {Bioinformatics},
pages = {592--593},
title = {{phangorn: phylogenetic analysis in R}},
volume = {27},
year = {2011}
}
@article{Schneider2012,
author = {Schneider, C. H. and Gross, M. C. and Terencio, M. L. and Porto, J. I. R.},
doi = {10.1111/j.1095-8649.2012.03403.x},
journal = {Journal of Fish Biology},
pages = {1210--1224},
title = {{Cryptic diversity in the mtDNA of the ornamental fish \emph{Carnegiella strigata}}},
volume = {81},
year = {2012}
}
@book{Seidel2005,
address = {Melle, Germany},
author = {Seidel, I. and Evers, H. G.},
pages = {1359},
publisher = {Mergus Verlag},
title = {{Wels Atlas Band 2: Hypostominen, Lithogeneinen und Neoplecostominen}},
year = {2005}
}
@article{Sistrom2009,
author = {Sistrom, M. J. and Chao, N. L. and Beheregaray, L. B.},
doi = {10.1111/j.1469-7998.2009.00576.x},
journal = {Journal of Zoology},
pages = {287--298},
title = {{Population history of the Amazonian one-lined pencilfish based on intron DNA data}},
volume = {278},
year = {2009}
}
@article{Stephens2003,
author = {Stephens, M. and Donnelly, P.},
journal = {American Journal of Human Genetics},
pages = {1162--1169},
title = {{A comparison of Bayesian methods for haplotype reconstruction from population genotype data}},
volume = {73},
year = {2003}
}
@article{Taylor1985,
author = {Taylor, W. R. and {Van Dyke}, G. C.},
journal = {Cybium},
pages = {107--119},
title = {{Revised procedures for staining and clearing small fishes and other vertebrates for bone and cartilage study}},
volume = {9},
year = {1985}
}
@article{Terencio2012,
author = {Terencio, M. L. and Schneider, C. H. and Porto, J. I. R.},
doi = {10.1111/j.1095-8649.2012.03320.x},
journal = {Journal of Fish Biology},
pages = {110--124},
title = {{Molecular signature of the D-loop in the brown pencilfish \emph{Nannostomus eques} (Characiformes, Lebiasinidae) reveals at least two evolutionary units in the Rio Negro basin, Brazil}},
volume = {81},
year = {2012}
}
@incollection{Wesselingh2011,
address = {Berkeley, California},
author = {Wesselingh, F. P. and Hoorn, C.},
booktitle = {{Historical Biogeography of Neotropical Freshwater Fishes}},
editor = {Albert, J. S. and Reis, R. E.},
pages = {59--68},
publisher = {University of California Press},
title = {{Geological Development of Amazon and Orinoco Basins}},
year = {2011}
}
@article{Willis2007,
author = {Willis, S. C. and Nunes, M. S. and Monta{\~{n}}a, C. G. and Farias, I. P. and Lovejoy, N. R.},
doi = {10.1016/j.ympev.2006.12.014},
journal = {Molecular Phylogenetics and Evolution},
pages = {291--307},
title = {{Systematics, biogeography, and evolution of the Neotropical peacock basses \emph{Cichla} (Perciformes: Cichlidae)}},
volume = {44},
year = {2007}
}
@article{Willis2010,
author = {Willis, S. C. and Nunes, M. and Monta{\~{n}}a, C. G. and Farias, I. P. and Ort{\'{i}}, G. and Lovejoy, N. R.},
doi = {10.1111/j.1365-294X.2010.04540.x},
journal = {Molecular Ecology},
pages = {1014--1030},
title = {{The Casiquiare river acts as a corridor between the Amazonas and Orinoco river basins: biogeographic analysis of the genus \emph{Cichla}}},
volume = {19},
year = {2010}
}
@article{Winemiller2008,
author = {Winemiller, K. O. and L{\'{o}}pez-Fern{\'{a}}ndez, H. and Taphorn, D. C. and Nico, L. G. and Duque, A. B.},
doi = {10.1111/j.1365-2699.2008.01917.x},
journal = {Journal of Biogeography},
pages = {1551--1563},
title = {{Fish assemblages of the Casiquiare River, a corridor and zoogeographical filter for dispersal between the Orinoco and Amazon basins}},
volume = {35},
year = {2008}
}
@incollection{Winemiller2011,
address = {Berkeley, California},
author = {Winemiller, K. O. and Willis, S. C.},
booktitle = {{Historical Biogeography of Neotropical Freshwater Fishes}},
editor = {Albert, J. S. and Reis, R. E.},
pages = {225--242},
publisher = {University of California Press},
title = {{The Vaupes Arch and Casiquiare Canal}},
year = {2011}
}
@article{Xie2011,
author = {Xie, W. and Lewis, P. O. and Fan, Y. and Kuo, L. and Chen, M.-H.},
doi = {10.1093/sysbio/syq085},
journal = {Systematic Biology},
pages = {150--60},
title = {{Improving marginal likelihood estimation for Bayesian phylogenetic model selection}},
volume = {60},
year = {2011}
}
@article{Zink2008,
author = {Zink, R. E. and Barrowclough, G. F.},
doi = {10.1111/j.1365-294X.2008.03737.x},
journal = {Molecular Ecology},
pages = {2107--2121},
title = {{Mitochondrial DNA under siege in avian phylogeography}},
volume = {17},
year = {2008}
}
